%% This BibTeX bibliography file was created using BibDesk.
%% http://bibdesk.sourceforge.net/


%% Created for Natalie Cooper at 2022-08-26 16:20:38 +0100 


%% Saved with string encoding Unicode (UTF-8) 



@article{rovatsos2017molecular,
	author = {Rovatsos, Michail and Kratochv{\'\i}l, Luk{\'a}{\v{s}}},
	date-added = {2022-08-26 16:09:03 +0100},
	date-modified = {2022-08-26 16:09:03 +0100},
	journal = {Methods in Ecology and Evolution},
	number = {8},
	pages = {902--906},
	publisher = {Wiley Online Library},
	title = {Molecular sexing applicable in 4000 species of lizards and snakes? From dream to real possibility},
	volume = {8},
	year = {2017}}

@article{griffing2019embryonic,
	author = {Griffing, Aaron H and Sanger, Thomas J and Daza, Juan D and Nielsen, Stuart V and Pinto, Brendan J and Stanley, Edward L and Gamble, Tony},
	date-added = {2022-08-26 16:08:40 +0100},
	date-modified = {2022-08-26 16:13:02 +0100},
	journal = {Developmental Dynamics},
	number = {11},
	pages = {1070--1090},
	publisher = {Wiley Online Library},
	title = {Embryonic development of a parthenogenetic vertebrate, the mourning gecko (\textit{Lepidodactylus lugubris})},
	volume = {248},
	year = {2019}}

@article{allen2018molecular,
	author = {Allen, L and Sanders, KL and Thomson, VA},
	date-added = {2022-08-26 16:08:21 +0100},
	date-modified = {2022-08-26 16:08:21 +0100},
	journal = {Royal Society Open Science},
	number = {2},
	pages = {171901},
	publisher = {The Royal Society Publishing},
	title = {Molecular evidence for the first records of facultative parthenogenesis in elapid snakes},
	volume = {5},
	year = {2018}}

@article{barley2019complex,
	author = {Barley, Anthony J and de Oca, Adri{\'a}n Nieto-Montes and Reeder, Tod W and Manr{\'\i}quez-Mor{\'a}n, Norma L and Monroy, Jos{\'e} Carlos Arenas and Hern{\'a}ndez-Gallegos, Oswaldo and Thomson, Robert C},
	date-added = {2022-08-26 16:08:03 +0100},
	date-modified = {2022-08-26 16:10:04 +0100},
	journal = {Molecular Phylogenetics and Evolution},
	pages = {284--295},
	publisher = {Elsevier},
	title = {Complex patterns of hybridization and introgression across evolutionary timescales in Mexican whiptail lizards (\textit{Aspidoscelis})},
	volume = {132},
	year = {2019}}

@article{booth2016emerging,
	author = {Booth, Warren and Schuett, Gordon W},
	date-added = {2022-08-26 16:07:43 +0100},
	date-modified = {2022-08-26 16:07:43 +0100},
	journal = {Biological Journal of the Linnean Society},
	number = {2},
	pages = {172--186},
	publisher = {Oxford University Press},
	title = {The emerging phylogenetic pattern of parthenogenesis in snakes},
	volume = {118},
	year = {2016}}

@article{cuevas2020first,
	author = {Cuevas, Eduardo and Putman, Nathan F and Uribe-Mart{\'\i}nez, Abigail and L{\'o}pez-Castro, Melania C and Guzm{\'a}n-Hern{\'a}ndez, Vicente and Gallegos-Fern{\'a}ndez, Sandra A and Liceaga-Correa, Mar{\'\i}a de los {\'A}ngeles and Trujillo-C{\'o}rdova, Jorge A and Gonz{\'a}lez-D{\'\i}az-Mir{\'o}n, Ra{\'u}l de Jes{\'u}s and Negrete-Phillipe, Ana and others},
	date-added = {2022-08-26 16:07:22 +0100},
	date-modified = {2022-08-26 16:07:22 +0100},
	journal = {Frontiers in Marine Science},
	pages = {561846},
	publisher = {Frontiers Media SA},
	title = {First spatial distribution analysis of male sea turtles in the southern Gulf of Mexico},
	volume = {7},
	year = {2020}}

@article{pike2013climate,
	author = {Pike, David A},
	date-added = {2022-08-26 16:07:00 +0100},
	date-modified = {2022-08-26 16:07:00 +0100},
	journal = {Global Ecology and Biogeography},
	number = {5},
	pages = {555--566},
	publisher = {Wiley Online Library},
	title = {Climate influences the global distribution of sea turtle nesting},
	volume = {22},
	year = {2013}}

@article{preininger2016comparison,
	author = {Preininger, Doris and Handschuh, Stephan and Boeckle, Markus and Sztatecsny, Marc and H{\"o}dl, Walter},
	date-added = {2022-08-26 16:06:36 +0100},
	date-modified = {2022-08-26 16:15:12 +0100},
	journal = {The Herpetological Journal},
	number = {3},
	pages = {187--197},
	publisher = {British Herpetological Society},
	title = {Comparison of female and male vocalisation and larynx morphology in the size dimorphic foot-flagging frog species \textit{Staurois guttatus}},
	volume = {26},
	year = {2016}}

@article{green2013sex,
	author = {Green, David M},
	date-added = {2022-08-26 16:06:13 +0100},
	date-modified = {2022-08-26 16:12:41 +0100},
	journal = {Copeia},
	number = {4},
	pages = {647--652},
	publisher = {The American Society of Ichthyologists and Herpetologists 810 East 10th~{\ldots}},
	title = {Sex ratio and breeding population size in Fowler's toad, \textit{Anaxyrus} (= \textit{Bufo}) \textit{fowleri}},
	volume = {2013},
	year = {2013}}

@article{kamei2012discovery,
	author = {Kamei, Rachunliu G and Mauro, Diego San and Gower, David J and Van Bocxlaer, Ines and Sherratt, Emma and Thomas, Ashish and Babu, Suresh and Bossuyt, Franky and Wilkinson, Mark and Biju, SD},
	date-added = {2022-08-26 16:05:37 +0100},
	date-modified = {2022-08-26 16:05:37 +0100},
	journal = {Proceedings of the Royal Society B: Biological Sciences},
	number = {1737},
	pages = {2396--2401},
	publisher = {The Royal Society},
	title = {Discovery of a new family of amphibians from northeast India with ancient links to Africa},
	volume = {279},
	year = {2012}}

@article{pesantes1994method,
	author = {Pesantes, Omar S},
	date-added = {2022-08-26 16:05:10 +0100},
	date-modified = {2022-08-26 16:05:10 +0100},
	journal = {Journal of Herpetology},
	number = {1},
	pages = {93--95},
	publisher = {JSTOR},
	title = {A method for preparing the hemipenis of preserved snakes},
	volume = {28},
	year = {1994}}

@article{hone2020ontogeny,
	author = {Hone, David and Mallon, Jordan C and Hennessey, Patrick and Witmer, Lawrence M},
	date-added = {2022-08-26 16:04:01 +0100},
	date-modified = {2022-08-26 16:13:21 +0100},
	journal = {PeerJ},
	pages = {e9134},
	publisher = {PeerJ Inc.},
	title = {Ontogeny of a sexually selected structure in an extant archosaur \textit{Gavialis gangeticus} (Pseudosuchia: Crocodylia) with implications for sexual dimorphism in dinosaurs},
	volume = {8},
	year = {2020}}

@article{plotkin2018large,
	author = {Plotkin, David and Nazari, Vazrick and Homziak, Nicholas T and Kawahara, Akito Y and others},
	date-added = {2022-08-26 16:03:29 +0100},
	date-modified = {2022-08-26 16:14:52 +0100},
	journal = {Nota Lepidopterologica},
	number = {1},
	pages = {119--123},
	publisher = {Pensoft Publishers},
	title = {Large male bias in collection of \textit{Micropterix facetella} Zeller, 1851 (Lepidoptera, Micropterigidae)},
	volume = {41},
	year = {2018}}

@article{frost2021,
	author = {Frost, Darrel R.},
	date-added = {2022-08-26 15:17:28 +0100},
	date-modified = {2022-08-26 15:18:10 +0100},
	title = {Amphibian Species of the World: an Online Reference. Version 6.1 (Accessed 21st April 2021). Electronic Database accessible at https://amphibiansoftheworld.amnh.org/index.php. American Museum of Natural History, New York, USA. doi.org/10.5531/db.vz.0001 },
	year = {2021}}

@article{uetz2021,
	author = {Uetz, P. and Freed, P, and Aguilar, R and Ho{\v s}ek, J.},
	date-added = {2022-08-26 15:16:45 +0100},
	date-modified = {2022-08-26 15:44:03 +0100},
	title = {The Reptile Database, http://www.reptile-database.org. Accessed April 2021.},
	year = {2021}}

@article{gbif-reptiles,
	author = {GBIF},
	date-added = {2022-08-26 15:13:27 +0100},
	date-modified = {2022-08-26 15:14:16 +0100},
	title = {GBIF Occurrence Download https://doi.org/10.15468/dl.ub7yfv. Accessed 21st April 2021.},
	year = {2021}}

@article{gbif-amphibians,
	author = {GBIF},
	date-added = {2022-08-26 15:11:45 +0100},
	date-modified = {2022-08-26 15:13:12 +0100},
	title = {GBIF Occurrence Download https://doi.org/10.15468/dl.vnu6bk. Accessed 21st April 2021},
	year = {2021}}

@article{pincheira2021multiple,
	author = {Pincheira-Donoso, Daniel and Harvey, Lilly P and Grattarola, Florencia and Jara, Manuel and Cotter, Sheena C and Tregenza, Tom and Hodgson, Dave J},
	date-added = {2022-08-26 15:09:19 +0100},
	date-modified = {2022-08-26 15:09:19 +0100},
	journal = {Global Ecology and Biogeography},
	number = {2},
	pages = {443--458},
	publisher = {Wiley Online Library},
	title = {The multiple origins of sexual size dimorphism in global amphibians},
	volume = {30},
	year = {2021}}

@article{thompson2020avian,
	author = {Thompson, Jamie E and Birkhead, Tim R},
	date-added = {2022-08-26 15:07:50 +0100},
	date-modified = {2022-08-26 15:07:50 +0100},
	journal = {Journal of Avian Biology},
	number = {8},
	publisher = {Wiley Online Library},
	title = {Avian egg collections: Museum collection bias driven by shape and size},
	volume = {51},
	year = {2020}}

@article{while2018patterns,
	author = {While, Geoffrey M and Noble, Daniel WA and Uller, Tobias and Warner, Daniel A and Riley, Julia L and Du, Wei-Guo and Schwanz, Lisa E},
	date-added = {2022-08-26 15:06:17 +0100},
	date-modified = {2022-08-26 15:06:17 +0100},
	journal = {Journal of Experimental Zoology Part A: Ecological and Integrative Physiology},
	number = {4-5},
	pages = {162--176},
	publisher = {Wiley Online Library},
	title = {Patterns of developmental plasticity in response to incubation temperature in reptiles},
	volume = {329},
	year = {2018}}

@article{miura2017sex,
	author = {Miura, Ikuo},
	date-added = {2022-08-26 15:03:58 +0100},
	date-modified = {2022-08-26 15:03:58 +0100},
	journal = {Sexual Development},
	number = {5-6},
	pages = {298--306},
	publisher = {Karger Publishers},
	title = {Sex determination and sex chromosomes in Amphibia},
	volume = {11},
	year = {2017}}

@article{katona2021evolutionary,
	author = {Katona, Gergely and V{\'a}gi, Bal{\'a}zs and V{\'e}gv{\'a}ri, Zsolt and Liker, Andr{\'a}s and Freckleton, Robert P and B{\'o}kony, Veronika and Sz{\'e}kely, Tam{\'a}s},
	date-added = {2022-08-26 15:03:29 +0100},
	date-modified = {2022-08-26 15:03:29 +0100},
	journal = {Journal of Evolutionary Biology},
	number = {4},
	pages = {594--603},
	publisher = {Wiley Online Library},
	title = {Are evolutionary transitions in sexual size dimorphism related to sex determination in reptiles?},
	volume = {34},
	year = {2021}}

@article{modica2020surrounded,
	author = {Modica, Larissa and Lanuza, Paloma and Garc{\'\i}a-Castrillo, Gerardo},
	date-added = {2022-08-26 14:57:24 +0100},
	date-modified = {2022-08-26 14:57:24 +0100},
	journal = {Marine Pollution Bulletin},
	pages = {110846},
	publisher = {Elsevier},
	title = {Surrounded by microplastic, since when? Testing the feasibility of exploring past levels of plastic microfibre pollution using natural history museum collections},
	volume = {151},
	year = {2020}}

@article{buckingham2021using,
	author = {Buckingham, Emily and Curry, Jake and Emogor, Charles and Tomsett, Louise and Cooper, Natalie},
	date-added = {2022-08-26 14:56:45 +0100},
	date-modified = {2022-08-26 14:56:45 +0100},
	journal = {PeerJ},
	pages = {e10843},
	publisher = {PeerJ Inc.},
	title = {Using natural history collections to investigate changes in pangolin (Pholidota: Manidae) geographic ranges through time},
	volume = {9},
	year = {2021}}

@article{cooper2019sex,
	author = {Cooper, Natalie and Bond, Alexander L and Davis, Joshua L and Portela Miguez, Roberto and Tomsett, Louise and Helgen, Kristofer M},
	date-added = {2022-08-26 14:56:27 +0100},
	date-modified = {2022-08-26 16:19:47 +0100},
	journal = {Proceedings of the Royal Society B: Biological Sciences},
	number = {1913},
	pages = {20192025},
	publisher = {The Royal Society},
	title = {Sex biases in bird and mammal natural history collections},
	volume = {286},
	year = {2019}}

@article{daru2018widespread,
	author = {Daru, Barnabas H and Park, Daniel S and Primack, Richard B and Willis, Charles G and Barrington, David S and Whitfeld, Timothy JS and Seidler, Tristram G and Sweeney, Patrick W and Foster, David R and Ellison, Aaron M and others},
	date-added = {2022-08-26 14:55:55 +0100},
	date-modified = {2022-08-26 14:55:55 +0100},
	journal = {New Phytologist},
	number = {2},
	pages = {939--955},
	publisher = {Wiley Online Library},
	title = {Widespread sampling biases in herbaria revealed from large-scale digitization},
	volume = {217},
	year = {2018}}

@article{coopercode2022,
	author = {Natalie Cooper},
	date-added = {2019-09-24 10:23:55 +0100},
	date-modified = {2022-08-26 15:53:06 +0100},
	journal = {Zenodo. DOI: XXX},
	title = {GitHub: nhcooper123/sex-bias-herps: code for the paper.},
	year = {2022}}

@article{gower2019,
	author = {Gower, G and Fenderson, L.E. and Salisa, A. and Helgen, KM and van Loenena, A.L. and Holly Heiniger, H. and Mitchell, K.J. and Llamas, B. and Cooper, Alan},
	date-added = {2019-08-14 11:39:42 +0100},
	date-modified = {2019-08-14 11:42:59 +0100},
	journal = {Proceedings of the National Academy of Sciences},
	title = {Widespread male sex bias in mammal fossil and museum collections},
	volume = {in press},
	year = {2019}}

@article{sex-bias-data-herps,
	author = {Tara Wainwright, and Morwenna Trevenna, and Sarah R. Alewijnse, and Patrick Campbell, and Marc E. H. Jones, and Jeff W. Streicher, and  Natalie Cooper},
	date-added = {2019-04-08 17:17:58 +0100},
	date-modified = {2022-08-26 15:52:44 +0100},
	title = {Dataset: Sex biases in herpetology natural history collections. Natural History Museum Data Portal (data.nhm.ac.uk). DOI},
	year = {2022},
	bdsk-file-1 = {YnBsaXN0MDDSAQIDBFxyZWxhdGl2ZVBhdGhZYWxpYXNEYXRhXxAxLi4vLi4vLi4vLlRyYXNoLzEwLjEwMDdfczAwNDQyLTAxNS0zNTI3LTggKDEpLmJpYk8RAcAAAAAAAcAAAgAADE1hY2ludG9zaCBIRAAAAAAAAAAAAAAAAAAAAM8oophIKwAAAJcDRh8xMC4xMDA3X3MwMDQ0Mi0wMTUtIzI2MjAyOEUuYmliAAAAAAAAAAAAAAAAAAAAAAAAAAAAAAAAAAAAAAAAAAACYgKO2WnglgAAAAAAAAAAAAMAAgAACSAAAAAAAAAAAAAAAAAAAAAGLlRyYXNoABAACAAAzyiimAAAABEACAAA2WnShgAAAAEADACXA0YACP8aAAJl2QACAERNYWNpbnRvc2ggSEQ6VXNlcnM6AG5jb29wZXI6AC5UcmFzaDoAMTAuMTAwN19zMDA0NDItMDE1LSMyNjIwMjhFLmJpYgAOAEQAIQAxADAALgAxADAAMAA3AF8AcwAwADAANAA0ADIALQAwADEANQAtADMANQAyADcALQA4ACAAKAAxACkALgBiAGkAYgAPABoADABNAGEAYwBpAG4AdABvAHMAaAAgAEgARAASADZVc2Vycy9uY29vcGVyLy5UcmFzaC8xMC4xMDA3X3MwMDQ0Mi0wMTUtMzUyNy04ICgxKS5iaWIAEwABLwAAFQACAA7//wAAAAgADQAaACQAWAAAAAAAAAIBAAAAAAAAAAUAAAAAAAAAAAAAAAAAAAIc}}

@article{badyaev2002growing,
	author = {Badyaev, Alexander V},
	date-added = {2019-03-12 16:33:12 +0000},
	date-modified = {2019-03-12 16:33:12 +0000},
	journal = {Trends in Ecology \& Evolution},
	number = {8},
	pages = {369--378},
	publisher = {Elsevier},
	title = {Growing apart: an ontogenetic perspective on the evolution of sexual size dimorphism},
	volume = {17},
	year = {2002}}

@article{paxton2009utility,
	author = {Paxton, Eben H},
	date-added = {2019-03-12 14:35:33 +0000},
	date-modified = {2019-03-12 14:36:04 +0000},
	journal = {Open Ornithology Journal},
	pages = {17--23},
	title = {The utility of plumage coloration for taxonomic and ecological studies},
	volume = {2},
	year = {2009}}

@article{sciam2017,
	author = {Amanda, Monta{\~n}ez},
	date-added = {2019-03-21 12:21:28 +0000},
	date-modified = {2019-03-21 12:24:46 +0000},
	journal = {Scientific American},
	pages = {50-51},
	title = {Beyond XX and XY},
	volume = {317},
	year = {2017}}

@article{machin2008,
	author = {Machin, Rebecca},
	date-added = {2019-03-21 12:14:18 +0000},
	date-modified = {2019-04-04 12:50:31 +0000},
	journal = {Museum \& Society},
	pages = {54-67},
	title = {Gender representation in the natural history galleries at Manchester Museum},
	volume = {6},
	year = {2008}}

@article{schuchert1897type,
	author = {Schuchert, Charles},
	date-added = {2019-03-12 14:31:10 +0000},
	date-modified = {2019-03-12 14:31:10 +0000},
	journal = {Science},
	number = {121},
	pages = {636--640},
	publisher = {JSTOR},
	title = {What is a type in natural history?},
	volume = {5},
	year = {1897}}

@article{pyke2010biological,
	author = {Pyke, Graham H and Ehrlich, Paul R},
	date-added = {2019-03-12 14:19:41 +0000},
	date-modified = {2019-03-12 14:19:46 +0000},
	journal = {Biological Reviews},
	number = {2},
	pages = {247--266},
	publisher = {Wiley Online Library},
	title = {Biological collections and ecological/ environmental research: a review, some observations and a look to the future},
	volume = {85},
	year = {2010}}

@article{lister2011natural,
	author = {Lister, Adrian M and Climate Change Research Group and others},
	date-added = {2019-03-12 14:16:40 +0000},
	date-modified = {2019-03-12 14:16:58 +0000},
	journal = {TREE},
	number = {4},
	pages = {153--154},
	publisher = {Elsevier},
	title = {Natural history collections as sources of long-term datasets},
	volume = {26},
	year = {2011}}

@article{gbif,
	date-added = {2019-02-08 19:24:39 +0000},
	date-modified = {2022-08-26 15:09:52 +0100},
	title = {GBIF: The Global Biodiversity Information Facility. https://www.gbif.org/},
	year = {2022}}

@manual{R,
	address = {Vienna, Austria},
	author = {{R Core Team}},
	date-added = {2019-02-08 19:12:27 +0000},
	date-modified = {2022-08-26 15:19:38 +0100},
	organization = {R Foundation for Statistical Computing},
	title = {R: a language and environment for statistical computing},
	url = {http://www.R-project.org},
	year = {2022},
	bdsk-url-1 = {http://www.R-project.org}}

@article{meineke2018biological,
	author = {Meineke, Emily K and Davies, T Jonathan and Daru, Barnabas H and Davis, Charles C},
	date-added = {2019-02-08 18:57:22 +0000},
	date-modified = {2022-08-26 16:20:35 +0100},
	journal = {Philosophical Transactions of the Royal Society B: Biological Sciences},
	pages = {20170386},
	publisher = {The Royal Society},
	title = {Biological collections for understanding biodiversity in the Anthropocene},
	volume = {374},
	year = {2019}}

@article{mclean2015natural,
	author = {McLean, Bryan S and Bell, Kayce C and Dunnum, Jonathan L and Abrahamson, Bethany and Colella, Jocelyn P and Deardorff, Eleanor R and Weber, Jessica A and Jones, Amanda K and Salazar-Miralles, Fernando and Cook, Joseph A},
	date-added = {2019-02-08 18:49:20 +0000},
	date-modified = {2019-02-08 18:49:26 +0000},
	journal = {Journal of Mammalogy},
	number = {1},
	pages = {287--297},
	publisher = {Oxford University Press US},
	title = {Natural history collections-based research: progress, promise, and best practices},
	volume = {97},
	year = {2015}}

@book{karlin1986theoretical,
	author = {Karlin, Samuel and Lessard, Sabin},
	date-added = {2019-02-08 18:48:57 +0000},
	date-modified = {2019-04-04 12:50:10 +0000},
	publisher = {Princeton University Press},
	title = {Theoretical studies on sex ratio evolution},
	volume = {22},
	year = {1986}}

@article{szekely2014sex,
	author = {Sz{\'e}kely, Tam{\'a}s and Liker, Andr{\'a}s and Freckleton, Robert P and Fichtel, Claudia and Kappeler, Peter M},
	date-added = {2019-02-08 18:45:23 +0000},
	date-modified = {2019-02-08 18:45:23 +0000},
	journal = {Proceedings of the Royal Society of London B: Biological Sciences},
	number = {1788},
	pages = {20140342},
	publisher = {The Royal Society},
	title = {Sex-biased survival predicts adult sex ratio variation in wild birds},
	volume = {281},
	year = {2014},
	bdsk-file-1 = {YnBsaXN0MDDSAQIDBFxyZWxhdGl2ZVBhdGhZYWxpYXNEYXRhXxAxLi4vLi4vLi4vLlRyYXNoLzEwLjEwMDdfczAwNDQyLTAxNS0zNTI3LTggKDEpLmJpYk8RAcAAAAAAAcAAAgAADE1hY2ludG9zaCBIRAAAAAAAAAAAAAAAAAAAAM8oophIKwAAAJcDRh8xMC4xMDA3X3MwMDQ0Mi0wMTUtIzI2MjAyOEUuYmliAAAAAAAAAAAAAAAAAAAAAAAAAAAAAAAAAAAAAAAAAAACYgKO2WnglgAAAAAAAAAAAAMAAgAACSAAAAAAAAAAAAAAAAAAAAAGLlRyYXNoABAACAAAzyiimAAAABEACAAA2WnShgAAAAEADACXA0YACP8aAAJl2QACAERNYWNpbnRvc2ggSEQ6VXNlcnM6AG5jb29wZXI6AC5UcmFzaDoAMTAuMTAwN19zMDA0NDItMDE1LSMyNjIwMjhFLmJpYgAOAEQAIQAxADAALgAxADAAMAA3AF8AcwAwADAANAA0ADIALQAwADEANQAtADMANQAyADcALQA4ACAAKAAxACkALgBiAGkAYgAPABoADABNAGEAYwBpAG4AdABvAHMAaAAgAEgARAASADZVc2Vycy9uY29vcGVyLy5UcmFzaC8xMC4xMDA3X3MwMDQ0Mi0wMTUtMzUyNy04ICgxKS5iaWIAEwABLwAAFQACAA7//wAAAAgADQAaACQAWAAAAAAAAAIBAAAAAAAAAAUAAAAAAAAAAAAAAAAAAAIc}}
